% Encoding: UTF-8

@InCollection{Dardha2016m,
  author        = {Dardha, Ornela},
  title         = {Session Types Revisited},
  booktitle     = {Type Systems for Distributed Programs: Components and Sessions},
  publisher     = {Springer},
  year          = {2016},
  month         = jan,
  isbn          = {978-94-6239-203-8},
  __markedentry = {[uma:6]},
  abstract      = {In this chapter we introduce the encoding of session types into linear channel types and variant types and of session processes into standard $$\pi $$Ï€-calculus processes.},
  date          = {2016-01-01},
  doi           = {10.2991/978-94-6239-204-5_6},
  url           = {http://dx.doi.org/10.2991/978-94-6239-204-5_6},
}

@MastersThesis{Dilmore2019,
  author = {Eric Dilmore},
  title  = {Pi-Calculus Session Types in Coq},
  school = {School of Computing Science, University of Glasgow},
  year   = {2019},
}

@Comment{jabref-meta: databaseType:bibtex;}
